<?xml version="1.0" encoding="UTF-8"?><collection xmlns="http://www.loc.gov/MARC21/slim"><record><leader>00499nam--2200145-i-4500</leader><controlfield tag="001">000009035</controlfield><controlfield tag="002">20161230</controlfield><controlfield tag="005">20161230201028</controlfield><controlfield tag="008">060222s1000------------r-----000-0-eng-d</controlfield><datafield ind1=" " ind2=" " tag="080"><subfield code="a">538.542 + 536.212. 621.3.018.44</subfield></datafield><datafield ind1=" " ind2=" " tag="100"><subfield code="a">Avramescu A</subfield></datafield><datafield ind1=" " ind2=" " tag="245"><subfield code="a">Aprecierea globala a refularii cimpului electromagnetic si termic in conductoare masive</subfield></datafield><datafield ind1=" " ind2=" " tag="260"><subfield code="a">Bucuresti,Cnit,1969 Ll Pag</subfield></datafield><datafield ind1=" " ind2=" " tag="490"><subfield code="a">A Doua Conferinta A Electricienilor, Vii Sectia Teorie, Materiale Si Masurari Elec Trice</subfield></datafield><datafield ind1=" " ind2=" " tag="852"><subfield code="a">31674</subfield></datafield></record></collection>